@article{Bazzigaluppi2018,
  title={Early-stage attenuation of phase-amplitude coupling in the hippocampus and medial prefrontal cortex in a transgenic rat model of Alzheimer's disease},
  author={Bazzigaluppi, Paolo and Beckett, Tina L. and Koletar, Margaret M. and Lai, Aaron Y. and Joo, Illsung L. and Brown, Mary E. and Carlen, Peter L. and McLaurin, JoAnne and Stefanovic, Bojana},
  journal={Journal of Neurochemistry},
  volume={144},
  number={5},
  pages={669--679},
  year={2018},
  publisher={Wiley Online Library},
  doi={10.1111/jnc.14136}
}

@article{Canolty2010,
  title={The functional role of cross-frequency coupling},
  author={Canolty, Ryan T. and Knight, Robert T.},
  journal={Trends in Cognitive Sciences},
  volume={14},
  number={11},
  pages={506--515},
  year={2010},
  publisher={Elsevier},
  doi={10.1016/j.tics.2010.09.001}
}

@article{Chella2014,
  title={Third order spectral analysis robust to mixing artifacts for mapping cross-frequency interactions in EEG/MEG},
  author={Chella, Federico and Marzetti, Laura and Pizzella, Vittorio and Zappasodi, Filippo and Nolte, Guido},
  journal={NeuroImage},
  volume={91},
  pages={146--161},
  year={2014},
  publisher={Elsevier},
  doi={10.1016/j.neuroimage.2013.12.064}
}

@inbook{Chen2004,
  title={Time Delay Estimation},
  author={Chen, Jingdong and Huang, Yiteng and Benesty, Jacob},
  editor={Huang, Yiteng and Benesty, Jacob},
  chapter={8},
  series={Audio Signal Processing for Next-Generation Multimedia Communication Systems},
  pages={197--227},
  year={2004},
  publisher={Springer},
  doi={10.1007/1-4020-7769-6_8}
}

@article{Giehl2021,
  title={Dissociating harmonic and non-harmonic phase-amplitude coupling in the human brain},
  author={Giehl, Janet and Noury, Nima and Siegel, Markus},
  journal={NeuroImage},
  volume={227},
  pages={117648},
  year={2021},
  publisher={Elsevier},
  doi={10.1016/j.neuroimage.2020.117648}
}

@article{deHemptinne2013,
  title={Exaggerated phase-amplitude coupling in the primary motor cortex in Parkinson disease},
  author={De Hemptinne, Coralie and Ryapolova-Webb, Elena S. and Air, Ellen L. and Garcia, Paul A. and Miller, Kai J. and Ojemann, Jeffrey G. and Ostrem, Jill L. and Galifianakis, Nicholas B. and Starr, Philip A.},
  journal={Proceedings of the National Academy of Sciences},
  volume={110},
  number={12},
  pages={4780--4785},
  year={2013},
  publisher={National Acad Sciences},
  doi={10.1073/pnas.1214546110}
}

@mastersthesis{JurharInPrep,
  title={Estimating Signal Time-Delays under Mixed Noise Influence with Novel Cross- and Bispectrum Methods},
  author={Jurhar, Tin},
  year={In Preparation},
  school={Radboud Universiteit, Donders Institute for Brain, Cognition and Behaviour, Nijmegen, The Netherlands}
}

@article{Kovach2018,
  title={The bispectrum and its relationship to phase-amplitude coupling},
  author={Kovach, Christopher K. and Oya, Hiroyuki and Kawasaki, Hiroto},
  journal={NeuroImage},
  volume={173},
  pages={518--539},
  year={2018},
  publisher={Elsevier},
  doi={10.1016/j.neuroimage.2018.02.033}
}

@article{Nikias1988,
  title={Time delay estimation in unknown Gaussian spatially correlated noise},
  author={Nikias, Chrysostomos L. and Pan, Renlong},
  journal={IEEE Transactions on Acoustics, Speech, and Signal Processing},
  volume={36},
  number={11},
  pages={1706--1714},
  year={1988},
  publisher={IEEE},
  doi={10.1109/29.9008}
}

@article{Silchenko2010,
  title={Data-driven approach to the estimation of connectivity and time delays in the coupling of interacting neuronal subsystems},
  author={Silchenko, Alexander N. and Adamchic, Ilya and Pawelczyk, Norbert and Hauptmann, Christian and Maarouf, Mohammad and Sturm, Volker and Tass, Peter A.},
  journal={Journal of Neuroscience Methods},
  volume={191},
  number={1},
  pages={32--44},
  year={2010},
  publisher={Elsevier},
  doi={10.1016/j.jneumeth.2010.06.004}
}

@article{Zandvoort2021,
  title={Defining the filter parameters for phase-amplitude coupling from a bispectral point of view},
  author={Zandvoort, Coen S. and Nolte, Guido},
  journal={Journal of Neuroscience Methods},
  volume={350},
  pages={109032},
  year={2021},
  publisher={Elsevier},
  doi={10.1016/j.jneumeth.2020.109032}
}