---
---
References
==========


@article{Yang2021soil,
    author = {Yang, Jie and Yin, Zhen-Yu},
    year = {2021},
    title = {Soil-structure interface modeling with the nonlinear incremental approach},
    journal = {International Journal for Numerical and Analytical Methods in Geomechanics},
    volume = {45},
    number = {10},
    pages = {1381-1404},
    doi = {10.1002/nag.3206},
    pdf = {https://onlinelibrary.wiley.com/doi/epdf/10.1002/nag.3206},
}

@article{Yin2018modeling,
  title={Modeling monotonic and cyclic behavior of granular materials by exponential constitutive function},
  author={Yin, Zhen-Yu and Wu, Ze-Xiang and Hicher, Pierre-Yves},
  journal={Journal of Engineering Mechanics},
  volume={144},
  number={4},
  pages={04018014},
  year={2018},
  publisher={American Society of Civil Engineers},
  doi={10.1061/(ASCE)EM.1943-7889.0001437},
  pdf={https://ascelibrary.org/doi/epdf/10.1061/(ASCE)EM.1943-7889.0001437},
}

@article{Taiebat2008simple,
  title={SANISAND: Simple anisotropic sand plasticity model},
  author={Taiebat, Mahdi and Dafalias, Yannis F},
  journal={International Journal for Numerical and Analytical Methods in Geomechanics},
  volume={32},
  number={8},
  pages={915--948},
  year={2008},
  publisher={Wiley Online Library},
  doi={10.1002/nag.651},
  pdf={https://onlinelibrary.wiley.com/doi/epdf/10.1002/nag.651},
}

@article{Shahrour1997elastoplastic,
  title={An elastoplastic constitutive relation for the soil-structure interface under cyclic loading},
  author={Shahrour, I and Rezaie, F},
  journal={Computers and Geotechnics},
  volume={21},
  number={1},
  pages={21--39},
  year={1997},
  publisher={Elsevier},
  doi={10.1016/S0266-352X(97)00001-3},
}